%%%% WARNING! AUTOMATICALLY CREATED BIBFILE
%%%% DO NOT EDIT! ALL CHANGES WILL BE LOST!

@STRING{acm	= "ACM Press" }
@STRING{csechalmers="Department of Computer Science and Engineering, Chalmers
		  University of Technology" }
@STRING{elsevier= "Elsevier" }
@STRING{icfp02	= "Proceedings of the seventh ACM SIGPLAN International
		  Conference on Functional Programming (ICFP '02),
		  Pittsburgh, Pennsylvania, USA, October 4-6, 2002" }
@STRING{jfp	= "Journal of Functional Programming" }
@STRING{lnai	= "Lecture Notes in Artificial Intelligence" }
@STRING{lncs	= "Lecture Notes in Computer Science" }
@STRING{mpc95	= "Mathematics of Program Construction. Selected Papers from
		  the Third International Conference on the Mathematics of
		  Program Construction (July 17--21, 1995, Kloster Irsee,
		  Germany)" }
@STRING{padl10	= "Practical Aspects of Declarative Languages, 12th
		  International Symposium, PADL 2010, Madrid, Spain, January
		  18-19, 2010. Proceedings" }
@STRING{scp	= "Science of Computer Programming" }
@STRING{springer= "Springer-Verlag" }
@STRING{tcs	= "Theoretical Computer Science" }
@STRING{tlca99	= "Typed Lambda Calculi and Applications, 4th International
		  Conference, TLCA'99, L'Aquila, Italy, April 7-9, 1999,
		  Proceedings" }

@Article{	  abadiCardelliCurienLevy:jfp91,
  author	= {Mart\'{\i}n Abadi and Luca Cardelli and Pierre-Louis
		  Curien and Jean-Jacques L{\'e}vy},
  title		= {Explicit Substitutions},
  journal	= jfp,
  volume	= 1,
  number	= 4,
  year		= 1991,
  pages		= {375--416},
  bibsource	= {DBLP, http://dblp.uni-trier.de}
}

@Article{	  appel:toplas10,
  author	= {Amal Ahmed and Andrew W. Appel and Christopher D. Richards
		  and Kedar N. Swadi and Gang Tan and Daniel C. Wang},
  title		= {Semantic foundations for typed assembly languages},
  journal	= toplas,
  volume	= 32,
  number	= 3,
  year		= 2010,
  ee		= {http://doi.acm.org/10.1145/1709093.1709094},
  bibsource	= {DBLP, http://dblp.uni-trier.de}
}

@InProceedings{	  boespflug:padl10,
  author	= {Mathieu Boespflug},
  title		= {Conversion by Evaluation},
  booktitle	= padl10,
  year		= 2010,
  pages		= {58-72},
  ee		= {http://dx.doi.org/10.1007/978-3-642-11503-5_7},
  crossref	= {DBLP:conf/padl/2010},
  bibsource	= {DBLP, http://dblp.uni-trier.de}
}

@Article{	  deBruijn:nameless,
  author	= {N. G. de Bruijn},
  title		= {Lambda calculus notation with nameless dummies, a tool for
		  automatic formula manipulation, with application to the
		  {C}hurch-{R}osser theorem},
  journal	= {Indagationes Mathematicae},
  year		= 1972,
  volume	= 34,
  pages		= {381--392}
}

@InProceedings{	  coquand:type,
  author	= "Thierry Coquand",
  title		= "An Algorithm for Type-Checking Dependent Types",
  volume	= 26,
  number	= "1--3",
  series	= scp,
  pages		= "167--177",
  booktitle	= mpc95,
  year		= 1996,
  publisher	= elsevier,
  month		= may
}

@Article{	  girard:linear,
  author	= {Jean-Yves Girard},
  title		= {Linear Logic},
  journal	= tcs,
  volume	= 50,
  year		= 1987,
  pages		= {1-102},
  bibsource	= {DBLP, http://dblp.uni-trier.de}
}

@InProceedings{	  gregoireLeroy:icfp02,
  author	= {Benjamin Gr{\'e}goire and Xavier Leroy},
  title		= {A compiled implementation of strong reduction},
  booktitle	= icfp02,
  year		= 2002,
  month		= sep,
  publisher	= acm,
  series	= {SIGPLAN Notices},
  volume	= 37,
  number	= 9,
  isbn		= {1-58113-487-8},
  pages		= {235--246},
  ee		= {http://doi.acm.org/10.1145/581478.581501},
  bibsource	= {DBLP, http://dblp.uni-trier.de}
}

@MastersThesis{	  kraus:bachelor,
  author	= {Nicolai Kraus},
  title		= {A Lambda Term Representation Based on Linear Ordered
		  Logic},
  type		= {Bachelor's thesis},
  school	= {Department of Computer Science,
		  Ludwig-Maximilians-University Munich},
  year		= 2011
}

@Article{	  mcBrideMcKinna:view,
  author	= {Conor McBride and James McKinna},
  title		= {The View from the Left},
  journal	= jfp,
  year		= {2004},
  optkey	= {},
  optvolume	= {},
  optnumber	= {},
  optpages	= {},
  optmonth	= {},
  optnote	= {},
  opturl	= {},
  optpostscript	= {},
  optpdf	= {},
  optdvi	= {},
  optabstract	= {}
}

@PhDThesis{	  norell:PhD,
  author	= {Ulf Norell},
  title		= {Towards a Practical Programming Language Based on
		  Dependent Type Theory},
  school	= csechalmers,
  year		= 2007,
  month		= sep,
  address	= {G\"{o}teborg, Sweden}
}

@InProceedings{	  polakowPfenning:tlca99,
  author	= {Jeff Polakow and Frank Pfenning},
  title		= {Natural Deduction for Intuitionistic Non-communicative
		  Linear Logic},
  booktitle	= tlca99,
  year		= 1999,
  pages		= {295-309},
  ee		= {http://link.springer.de/link/service/series/0558/bibs/1581/15810295.htm}
		  ,
  crossref	= {DBLP:conf/tlca/1999},
  bibsource	= {DBLP, http://dblp.uni-trier.de}
}

@InProceedings{	  carsten:twelf,
  author	= {Frank Pfenning and Carsten Sch\"u{}rmann},
  title		= {System description: Twelf - a meta-logical framework for
		  deductive systems},
  booktitle	= {Proceedings of the 16th International Conference on
		  Automated Deduction (CADE-16)},
  pages		= {202--206},
  year		= 1999,
  editor	= {H. Ganzinger},
  volume	= 1632,
  series	= lnai,
  address	= {Trento, Italy},
  month		= {July},
  publisher	= springer
}

@Proceedings{	  DBLP:conf/padl/2010,
  editor	= {Manuel Carro and Ricardo Pe{\~n}a},
  title		= padl10,
  booktitle	= padl10,
  publisher	= springer,
  series	= lncs,
  volume	= {5937},
  year		= {2010},
  isbn		= {978-3-642-11502-8},
  ee		= {http://dx.doi.org/10.1007/978-3-642-11503-5},
  bibsource	= {DBLP, http://dblp.uni-trier.de}
}

@Proceedings{	  DBLP:conf/tlca/1999,
  editor	= {Jean-Yves Girard},
  title		= tlca99,
  booktitle	= tlca99,
  publisher	= springer,
  series	= lncs,
  volume	= 1581,
  year		= 1999,
  isbn		= {3-540-65763-0},
  bibsource	= {DBLP, http://dblp.uni-trier.de}
}
