@inproceedings{abelKraus:lfmtp11,
  author    = {Andreas Abel and Nicolai Kraus},
  title     = {A Lambda Term Representation Inspired by Linear Ordered Logic},
  booktitle = lfmtp11,
  year      = 2011,
  pages     = {1-13},
  ee        = {http://dx.doi.org/10.4204/EPTCS.71.1},
  crossref  = {DBLP:journals/corr/abs-1110-6685},
  bibsource = {DBLP, http://dblp.uni-trier.de}
}